%YAML 1.1
%TAG !u! tag:unity3d.com,2011:
--- !u!29 &1
OcclusionCullingSettings:
  m_ObjectHideFlags: 0
  serializedVersion: 2
  m_OcclusionBakeSettings:
    smallestOccluder: 5
    smallestHole: 0.25
    backfaceThreshold: 100
  m_SceneGUID: 00000000000000000000000000000000
  m_OcclusionCullingData: {fileID: 0}
--- !u!104 &2
RenderSettings:
  m_ObjectHideFlags: 0
  serializedVersion: 9
  m_Fog: 0
  m_FogColor: {r: 0.5, g: 0.5, b: 0.5, a: 1}
  m_FogMode: 3
  m_FogDensity: 0.01
  m_LinearFogStart: 0
  m_LinearFogEnd: 300
  m_AmbientSkyColor: {r: 0.31132078, g: 0.31132078, b: 0.31132078, a: 1}
  m_AmbientEquatorColor: {r: 0.114, g: 0.125, b: 0.133, a: 1}
  m_AmbientGroundColor: {r: 0.047, g: 0.043, b: 0.035, a: 1}
  m_AmbientIntensity: 0.48
  m_AmbientMode: 3
  m_SubtractiveShadowColor: {r: 0.42, g: 0.478, b: 0.627, a: 1}
  m_SkyboxMaterial: {fileID: 10304, guid: 0000000000000000f000000000000000, type: 0}
  m_HaloStrength: 0.5
  m_FlareStrength: 1
  m_FlareFadeSpeed: 3
  m_HaloTexture: {fileID: 0}
  m_SpotCookie: {fileID: 10001, guid: 0000000000000000e000000000000000, type: 0}
  m_DefaultReflectionMode: 0
  m_DefaultReflectionResolution: 128
  m_ReflectionBounces: 1
  m_ReflectionIntensity: 0.176
  m_CustomReflection: {fileID: 0}
  m_Sun: {fileID: 0}
  m_IndirectSpecularColor: {r: 0.15258467, g: 0.15627974, b: 0.14560628, a: 0.176}
  m_UseRadianceAmbientProbe: 0
--- !u!157 &3
LightmapSettings:
  m_ObjectHideFlags: 0
  serializedVersion: 11
  m_GIWorkflowMode: 0
  m_GISettings:
    serializedVersion: 2
    m_BounceScale: 1
    m_IndirectOutputScale: 1
    m_AlbedoBoost: 1
    m_EnvironmentLightingMode: 0
    m_EnableBakedLightmaps: 1
    m_EnableRealtimeLightmaps: 0
  m_LightmapEditorSettings:
    serializedVersion: 10
    m_Resolution: 2
    m_BakeResolution: 10
    m_AtlasSize: 512
    m_AO: 0
    m_AOMaxDistance: 1
    m_CompAOExponent: 1
    m_CompAOExponentDirect: 0
    m_Padding: 2
    m_LightmapParameters: {fileID: 0}
    m_LightmapsBakeMode: 1
    m_TextureCompression: 1
    m_FinalGather: 0
    m_FinalGatherFiltering: 1
    m_FinalGatherRayCount: 256
    m_ReflectionCompression: 2
    m_MixedBakeMode: 2
    m_BakeBackend: 1
    m_PVRSampling: 1
    m_PVRDirectSampleCount: 32
    m_PVRSampleCount: 256
    m_PVRBounces: 2
    m_PVRFilterTypeDirect: 0
    m_PVRFilterTypeIndirect: 0
    m_PVRFilterTypeAO: 0
    m_PVRFilteringMode: 1
    m_PVRCulling: 1
    m_PVRFilteringGaussRadiusDirect: 1
    m_PVRFilteringGaussRadiusIndirect: 5
    m_PVRFilteringGaussRadiusAO: 2
    m_PVRFilteringAtrousPositionSigmaDirect: 0.5
    m_PVRFilteringAtrousPositionSigmaIndirect: 2
    m_PVRFilteringAtrousPositionSigmaAO: 1
    m_ShowResolutionOverlay: 1
  m_LightingDataAsset: {fileID: 0}
  m_UseShadowmask: 1
--- !u!196 &4
NavMeshSettings:
  serializedVersion: 2
  m_ObjectHideFlags: 0
  m_BuildSettings:
    serializedVersion: 2
    agentTypeID: 0
    agentRadius: 0.5
    agentHeight: 2
    agentSlope: 45
    agentClimb: 0.4
    ledgeDropHeight: 0
    maxJumpAcrossDistance: 0
    minRegionArea: 2
    manualCellSize: 0
    cellSize: 0.16666667
    manualTileSize: 0
    tileSize: 256
    accuratePlacement: 0
    debug:
      m_Flags: 0
  m_NavMeshData: {fileID: 23800000, guid: 5d572f5b8d18366429445317b628320a, type: 2}
--- !u!1 &123421541 stripped
GameObject:
  m_CorrespondingSourceObject: {fileID: 1876923628791375191, guid: 4408072fc0af6ce4b93ca1a75562be32,
    type: 3}
  m_PrefabInstance: {fileID: 1876923628780447282}
  m_PrefabAsset: {fileID: 0}
--- !u!4 &123421547 stripped
Transform:
  m_CorrespondingSourceObject: {fileID: 1876923628791375192, guid: 4408072fc0af6ce4b93ca1a75562be32,
    type: 3}
  m_PrefabInstance: {fileID: 1876923628780447282}
  m_PrefabAsset: {fileID: 0}
--- !u!1 &132117316 stripped
GameObject:
  m_CorrespondingSourceObject: {fileID: 3097661778674124251, guid: 75d3facd378b1e64e9ca9e6281cace86,
    type: 3}
  m_PrefabInstance: {fileID: 3097661778804536991}
  m_PrefabAsset: {fileID: 0}
--- !u!1 &254073510 stripped
GameObject:
  m_CorrespondingSourceObject: {fileID: 4158591482363349544, guid: f62b8ae246812294a90542f748789e96,
    type: 3}
  m_PrefabInstance: {fileID: 4158591484044510578}
  m_PrefabAsset: {fileID: 0}
--- !u!1 &265784862
GameObject:
  m_ObjectHideFlags: 0
  m_CorrespondingSourceObject: {fileID: 0}
  m_PrefabInstance: {fileID: 0}
  m_PrefabAsset: {fileID: 0}
  serializedVersion: 6
  m_Component:
  - component: {fileID: 265784863}
  - component: {fileID: 265784865}
  - component: {fileID: 265784864}
  m_Layer: 5
  m_Name: Text
  m_TagString: Untagged
  m_Icon: {fileID: 0}
  m_NavMeshLayer: 0
  m_StaticEditorFlags: 0
  m_IsActive: 0
--- !u!224 &265784863
RectTransform:
  m_ObjectHideFlags: 0
  m_CorrespondingSourceObject: {fileID: 0}
  m_PrefabInstance: {fileID: 0}
  m_PrefabAsset: {fileID: 0}
  m_GameObject: {fileID: 265784862}
  m_LocalRotation: {x: 0, y: 0, z: 0, w: 1}
  m_LocalPosition: {x: 0, y: 0, z: 0}
  m_LocalScale: {x: 1, y: 1, z: 1}
  m_Children: []
  m_Father: {fileID: 0}
  m_RootOrder: 1
  m_LocalEulerAnglesHint: {x: 0, y: 0, z: 0}
  m_AnchorMin: {x: 0, y: 0}
  m_AnchorMax: {x: 1, y: 1}
  m_AnchoredPosition: {x: 0, y: 0}
  m_SizeDelta: {x: 0, y: 0}
  m_Pivot: {x: 0.5, y: 0.5}
--- !u!114 &265784864
MonoBehaviour:
  m_ObjectHideFlags: 0
  m_CorrespondingSourceObject: {fileID: 0}
  m_PrefabInstance: {fileID: 0}
  m_PrefabAsset: {fileID: 0}
  m_GameObject: {fileID: 265784862}
  m_Enabled: 1
  m_EditorHideFlags: 0
  m_Script: {fileID: 708705254, guid: f70555f144d8491a825f0804e09c671c, type: 3}
  m_Name: 
  m_EditorClassIdentifier: 
  m_Material: {fileID: 0}
  m_Color: {r: 0.19607843, g: 0.19607843, b: 0.19607843, a: 1}
  m_RaycastTarget: 1
  m_OnCullStateChanged:
    m_PersistentCalls:
      m_Calls: []
    m_TypeName: UnityEngine.UI.MaskableGraphic+CullStateChangedEvent, UnityEngine.UI,
      Version=1.0.0.0, Culture=neutral, PublicKeyToken=null
  m_FontData:
    m_Font: {fileID: 10102, guid: 0000000000000000e000000000000000, type: 0}
    m_FontSize: 14
    m_FontStyle: 0
    m_BestFit: 0
    m_MinSize: 10
    m_MaxSize: 40
    m_Alignment: 4
    m_AlignByGeometry: 0
    m_RichText: 1
    m_HorizontalOverflow: 0
    m_VerticalOverflow: 0
    m_LineSpacing: 1
  m_Text: Resume Game
--- !u!222 &265784865
CanvasRenderer:
  m_ObjectHideFlags: 0
  m_CorrespondingSourceObject: {fileID: 0}
  m_PrefabInstance: {fileID: 0}
  m_PrefabAsset: {fileID: 0}
  m_GameObject: {fileID: 265784862}
  m_CullTransparentMesh: 0
--- !u!224 &324026918 stripped
RectTransform:
  m_CorrespondingSourceObject: {fileID: 4750124110951695678, guid: 30d869ab89eb41148be22a4af4de944f,
    type: 3}
  m_PrefabInstance: {fileID: 4750124110907930353}
  m_PrefabAsset: {fileID: 0}
--- !u!1 &326531395
GameObject:
  m_ObjectHideFlags: 0
  m_CorrespondingSourceObject: {fileID: 0}
  m_PrefabInstance: {fileID: 0}
  m_PrefabAsset: {fileID: 0}
  serializedVersion: 6
  m_Component:
  - component: {fileID: 326531396}
  - component: {fileID: 326531397}
  m_Layer: 9
  m_Name: bounceSound
  m_TagString: Untagged
  m_Icon: {fileID: 0}
  m_NavMeshLayer: 0
  m_StaticEditorFlags: 0
  m_IsActive: 1
--- !u!4 &326531396
Transform:
  m_ObjectHideFlags: 0
  m_CorrespondingSourceObject: {fileID: 0}
  m_PrefabInstance: {fileID: 0}
  m_PrefabAsset: {fileID: 0}
  m_GameObject: {fileID: 326531395}
  m_LocalRotation: {x: 0, y: 0, z: 0, w: 1}
  m_LocalPosition: {x: 0, y: 0, z: 0}
  m_LocalScale: {x: 1, y: 1, z: 1}
  m_Children: []
  m_Father: {fileID: 123421547}
  m_RootOrder: 3
  m_LocalEulerAnglesHint: {x: 0, y: 0, z: 0}
--- !u!82 &326531397
AudioSource:
  m_ObjectHideFlags: 0
  m_CorrespondingSourceObject: {fileID: 0}
  m_PrefabInstance: {fileID: 0}
  m_PrefabAsset: {fileID: 0}
  m_GameObject: {fileID: 326531395}
  m_Enabled: 1
  serializedVersion: 4
  OutputAudioMixerGroup: {fileID: 0}
  m_audioClip: {fileID: 0}
  m_PlayOnAwake: 1
  m_Volume: 0.25
  m_Pitch: 1
  Loop: 0
  Mute: 0
  Spatialize: 0
  SpatializePostEffects: 0
  Priority: 128
  DopplerLevel: 1
  MinDistance: 1
  MaxDistance: 100
  Pan2D: 0
  rolloffMode: 0
  BypassEffects: 0
  BypassListenerEffects: 0
  BypassReverbZones: 0
  rolloffCustomCurve:
    serializedVersion: 2
    m_Curve:
    - serializedVersion: 3
      time: 0
      value: 1
      inSlope: 0
      outSlope: 0
      tangentMode: 0
      weightedMode: 0
      inWeight: 0.33333334
      outWeight: 0.33333334
    - serializedVersion: 3
      time: 1
      value: 0
      inSlope: 0
      outSlope: 0
      tangentMode: 0
      weightedMode: 0
      inWeight: 0.33333334
      outWeight: 0.33333334
    m_PreInfinity: 2
    m_PostInfinity: 2
    m_RotationOrder: 4
  panLevelCustomCurve:
    serializedVersion: 2
    m_Curve:
    - serializedVersion: 3
      time: 0
      value: 0.75
      inSlope: 0
      outSlope: 0
      tangentMode: 0
      weightedMode: 0
      inWeight: 0.33333334
      outWeight: 0.33333334
    m_PreInfinity: 2
    m_PostInfinity: 2
    m_RotationOrder: 4
  spreadCustomCurve:
    serializedVersion: 2
    m_Curve:
    - serializedVersion: 3
      time: 0
      value: 0
      inSlope: 0
      outSlope: 0
      tangentMode: 0
      weightedMode: 0
      inWeight: 0.33333334
      outWeight: 0.33333334
    m_PreInfinity: 2
    m_PostInfinity: 2
    m_RotationOrder: 4
  reverbZoneMixCustomCurve:
    serializedVersion: 2
    m_Curve:
    - serializedVersion: 3
      time: 0
      value: 1
      inSlope: 0
      outSlope: 0
      tangentMode: 0
      weightedMode: 0
      inWeight: 0.33333334
      outWeight: 0.33333334
    m_PreInfinity: 2
    m_PostInfinity: 2
    m_RotationOrder: 4
--- !u!1 &762122458
GameObject:
  m_ObjectHideFlags: 0
  m_CorrespondingSourceObject: {fileID: 0}
  m_PrefabInstance: {fileID: 0}
  m_PrefabAsset: {fileID: 0}
  serializedVersion: 6
  m_Component:
  - component: {fileID: 762122460}
  - component: {fileID: 762122459}
  m_Layer: 10
  m_Name: aiSound
  m_TagString: Untagged
  m_Icon: {fileID: 0}
  m_NavMeshLayer: 0
  m_StaticEditorFlags: 0
  m_IsActive: 1
--- !u!82 &762122459
AudioSource:
  m_ObjectHideFlags: 0
  m_CorrespondingSourceObject: {fileID: 0}
  m_PrefabInstance: {fileID: 0}
  m_PrefabAsset: {fileID: 0}
  m_GameObject: {fileID: 762122458}
  m_Enabled: 1
  serializedVersion: 4
  OutputAudioMixerGroup: {fileID: 0}
  m_audioClip: {fileID: 0}
  m_PlayOnAwake: 1
  m_Volume: 1
  m_Pitch: 1
  Loop: 0
  Mute: 0
  Spatialize: 0
  SpatializePostEffects: 0
  Priority: 128
  DopplerLevel: 1
  MinDistance: 1
  MaxDistance: 500
  Pan2D: 0
  rolloffMode: 0
  BypassEffects: 0
  BypassListenerEffects: 0
  BypassReverbZones: 0
  rolloffCustomCurve:
    serializedVersion: 2
    m_Curve:
    - serializedVersion: 3
      time: 0
      value: 1
      inSlope: 0
      outSlope: 0
      tangentMode: 0
      weightedMode: 0
      inWeight: 0.33333334
      outWeight: 0.33333334
    - serializedVersion: 3
      time: 1
      value: 0
      inSlope: 0
      outSlope: 0
      tangentMode: 0
      weightedMode: 0
      inWeight: 0.33333334
      outWeight: 0.33333334
    m_PreInfinity: 2
    m_PostInfinity: 2
    m_RotationOrder: 4
  panLevelCustomCurve:
    serializedVersion: 2
    m_Curve:
    - serializedVersion: 3
      time: 0
      value: 0.6
      inSlope: 0
      outSlope: 0
      tangentMode: 0
      weightedMode: 0
      inWeight: 0.33333334
      outWeight: 0.33333334
    m_PreInfinity: 2
    m_PostInfinity: 2
    m_RotationOrder: 4
  spreadCustomCurve:
    serializedVersion: 2
    m_Curve:
    - serializedVersion: 3
      time: 0
      value: 0
      inSlope: 0
      outSlope: 0
      tangentMode: 0
      weightedMode: 0
      inWeight: 0.33333334
      outWeight: 0.33333334
    m_PreInfinity: 2
    m_PostInfinity: 2
    m_RotationOrder: 4
  reverbZoneMixCustomCurve:
    serializedVersion: 2
    m_Curve:
    - serializedVersion: 3
      time: 0
      value: 1
      inSlope: 0
      outSlope: 0
      tangentMode: 0
      weightedMode: 0
      inWeight: 0.33333334
      outWeight: 0.33333334
    m_PreInfinity: 2
    m_PostInfinity: 2
    m_RotationOrder: 4
--- !u!4 &762122460
Transform:
  m_ObjectHideFlags: 0
  m_CorrespondingSourceObject: {fileID: 0}
  m_PrefabInstance: {fileID: 0}
  m_PrefabAsset: {fileID: 0}
  m_GameObject: {fileID: 762122458}
  m_LocalRotation: {x: 0, y: 0, z: 0, w: 1}
  m_LocalPosition: {x: 0, y: 0, z: 0}
  m_LocalScale: {x: 1, y: 1, z: 1}
  m_Children: []
  m_Father: {fileID: 1940972241}
  m_RootOrder: 2
  m_LocalEulerAnglesHint: {x: 0, y: 0, z: 0}
--- !u!1 &826847268
GameObject:
  m_ObjectHideFlags: 0
  m_CorrespondingSourceObject: {fileID: 0}
  m_PrefabInstance: {fileID: 0}
  m_PrefabAsset: {fileID: 0}
  serializedVersion: 6
  m_Component:
  - component: {fileID: 826847269}
  - component: {fileID: 826847271}
  - component: {fileID: 826847270}
  - component: {fileID: 826847272}
  m_Layer: 5
  m_Name: Victory
  m_TagString: Untagged
  m_Icon: {fileID: 0}
  m_NavMeshLayer: 0
  m_StaticEditorFlags: 0
  m_IsActive: 1
--- !u!224 &826847269
RectTransform:
  m_ObjectHideFlags: 0
  m_CorrespondingSourceObject: {fileID: 0}
  m_PrefabInstance: {fileID: 0}
  m_PrefabAsset: {fileID: 0}
  m_GameObject: {fileID: 826847268}
  m_LocalRotation: {x: 0, y: 0, z: 0, w: 1}
  m_LocalPosition: {x: 0, y: 0, z: 0}
  m_LocalScale: {x: 0.4, y: 0.4, z: 0.5}
  m_Children: []
  m_Father: {fileID: 1763414674}
  m_RootOrder: 3
  m_LocalEulerAnglesHint: {x: 0, y: 0, z: 0}
  m_AnchorMin: {x: 0.5, y: 1}
  m_AnchorMax: {x: 0.5, y: 1}
  m_AnchoredPosition: {x: 0, y: -86.14}
  m_SizeDelta: {x: 41, y: 22}
  m_Pivot: {x: 0.5, y: 1}
--- !u!114 &826847270
MonoBehaviour:
  m_ObjectHideFlags: 0
  m_CorrespondingSourceObject: {fileID: 0}
  m_PrefabInstance: {fileID: 0}
  m_PrefabAsset: {fileID: 0}
  m_GameObject: {fileID: 826847268}
  m_Enabled: 1
  m_EditorHideFlags: 0
  m_Script: {fileID: 708705254, guid: f70555f144d8491a825f0804e09c671c, type: 3}
  m_Name: 
  m_EditorClassIdentifier: 
  m_Material: {fileID: 0}
  m_Color: {r: 1, g: 1, b: 1, a: 0.7058824}
  m_RaycastTarget: 0
  m_OnCullStateChanged:
    m_PersistentCalls:
      m_Calls: []
    m_TypeName: UnityEngine.UI.MaskableGraphic+CullStateChangedEvent, UnityEngine.UI,
      Version=1.0.0.0, Culture=neutral, PublicKeyToken=null
  m_FontData:
    m_Font: {fileID: 10102, guid: 0000000000000000e000000000000000, type: 0}
    m_FontSize: 100
    m_FontStyle: 0
    m_BestFit: 0
    m_MinSize: 0
    m_MaxSize: 271
    m_Alignment: 1
    m_AlignByGeometry: 0
    m_RichText: 0
    m_HorizontalOverflow: 1
    m_VerticalOverflow: 1
    m_LineSpacing: 1
  m_Text: 
--- !u!222 &826847271
CanvasRenderer:
  m_ObjectHideFlags: 0
  m_CorrespondingSourceObject: {fileID: 0}
  m_PrefabInstance: {fileID: 0}
  m_PrefabAsset: {fileID: 0}
  m_GameObject: {fileID: 826847268}
  m_CullTransparentMesh: 0
--- !u!114 &826847272
MonoBehaviour:
  m_ObjectHideFlags: 0
  m_CorrespondingSourceObject: {fileID: 0}
  m_PrefabInstance: {fileID: 0}
  m_PrefabAsset: {fileID: 0}
  m_GameObject: {fileID: 826847268}
  m_Enabled: 1
  m_EditorHideFlags: 0
  m_Script: {fileID: 11500000, guid: 435dfa6a4cfe33a4a9b7a9098de9b894, type: 3}
  m_Name: 
  m_EditorClassIdentifier: 
  ball: {fileID: 123421541}
--- !u!20 &838903443 stripped
Camera:
  m_CorrespondingSourceObject: {fileID: 4158591484166041378, guid: f62b8ae246812294a90542f748789e96,
    type: 3}
  m_PrefabInstance: {fileID: 4158591484044510578}
  m_PrefabAsset: {fileID: 0}
--- !u!114 &878608898 stripped
MonoBehaviour:
  m_CorrespondingSourceObject: {fileID: 4750124110951695674, guid: 30d869ab89eb41148be22a4af4de944f,
    type: 3}
  m_PrefabInstance: {fileID: 4750124110907930353}
  m_PrefabAsset: {fileID: 0}
  m_GameObject: {fileID: 0}
  m_Enabled: 1
  m_EditorHideFlags: 0
  m_Script: {fileID: 11500000, guid: 93692a2d200985d43a0a3252f21002f5, type: 3}
  m_Name: 
  m_EditorClassIdentifier: 
--- !u!1 &930631732 stripped
GameObject:
  m_CorrespondingSourceObject: {fileID: 6073772075423021701, guid: 61336185cdc201140a12dc4e2d04c71f,
    type: 3}
  m_PrefabInstance: {fileID: 6073772074667535025}
  m_PrefabAsset: {fileID: 0}
--- !u!1 &955643412 stripped
GameObject:
  m_CorrespondingSourceObject: {fileID: 4158591484166041404, guid: f62b8ae246812294a90542f748789e96,
    type: 3}
  m_PrefabInstance: {fileID: 4158591484044510578}
  m_PrefabAsset: {fileID: 0}
--- !u!1 &1146171147
GameObject:
  m_ObjectHideFlags: 0
  m_CorrespondingSourceObject: {fileID: 0}
  m_PrefabInstance: {fileID: 0}
  m_PrefabAsset: {fileID: 0}
  serializedVersion: 6
  m_Component:
  - component: {fileID: 1146171148}
  - component: {fileID: 1146171149}
  m_Layer: 10
  m_Name: playerSound
  m_TagString: Untagged
  m_Icon: {fileID: 0}
  m_NavMeshLayer: 0
  m_StaticEditorFlags: 0
  m_IsActive: 1
--- !u!4 &1146171148
Transform:
  m_ObjectHideFlags: 0
  m_CorrespondingSourceObject: {fileID: 0}
  m_PrefabInstance: {fileID: 0}
  m_PrefabAsset: {fileID: 0}
  m_GameObject: {fileID: 1146171147}
  m_LocalRotation: {x: 0, y: 0, z: 0, w: 1}
  m_LocalPosition: {x: 0, y: 0, z: 0}
  m_LocalScale: {x: 1, y: 1, z: 1}
  m_Children: []
  m_Father: {fileID: 1674934399}
  m_RootOrder: 2
  m_LocalEulerAnglesHint: {x: 0, y: 0, z: 0}
--- !u!82 &1146171149
AudioSource:
  m_ObjectHideFlags: 0
  m_CorrespondingSourceObject: {fileID: 0}
  m_PrefabInstance: {fileID: 0}
  m_PrefabAsset: {fileID: 0}
  m_GameObject: {fileID: 1146171147}
  m_Enabled: 1
  serializedVersion: 4
  OutputAudioMixerGroup: {fileID: 0}
  m_audioClip: {fileID: 0}
  m_PlayOnAwake: 1
  m_Volume: 1
  m_Pitch: 1
  Loop: 0
  Mute: 0
  Spatialize: 0
  SpatializePostEffects: 0
  Priority: 128
  DopplerLevel: 1
  MinDistance: 1
  MaxDistance: 500
  Pan2D: 0
  rolloffMode: 0
  BypassEffects: 0
  BypassListenerEffects: 0
  BypassReverbZones: 0
  rolloffCustomCurve:
    serializedVersion: 2
    m_Curve:
    - serializedVersion: 3
      time: 0
      value: 1
      inSlope: 0
      outSlope: 0
      tangentMode: 0
      weightedMode: 0
      inWeight: 0.33333334
      outWeight: 0.33333334
    - serializedVersion: 3
      time: 1
      value: 0
      inSlope: 0
      outSlope: 0
      tangentMode: 0
      weightedMode: 0
      inWeight: 0.33333334
      outWeight: 0.33333334
    m_PreInfinity: 2
    m_PostInfinity: 2
    m_RotationOrder: 4
  panLevelCustomCurve:
    serializedVersion: 2
    m_Curve:
    - serializedVersion: 3
      time: 0
      value: 0
      inSlope: 0
      outSlope: 0
      tangentMode: 0
      weightedMode: 0
      inWeight: 0.33333334
      outWeight: 0.33333334
    m_PreInfinity: 2
    m_PostInfinity: 2
    m_RotationOrder: 4
  spreadCustomCurve:
    serializedVersion: 2
    m_Curve:
    - serializedVersion: 3
      time: 0
      value: 0
      inSlope: 0
      outSlope: 0
      tangentMode: 0
      weightedMode: 0
      inWeight: 0.33333334
      outWeight: 0.33333334
    m_PreInfinity: 2
    m_PostInfinity: 2
    m_RotationOrder: 4
  reverbZoneMixCustomCurve:
    serializedVersion: 2
    m_Curve:
    - serializedVersion: 3
      time: 0
      value: 1
      inSlope: 0
      outSlope: 0
      tangentMode: 0
      weightedMode: 0
      inWeight: 0.33333334
      outWeight: 0.33333334
    m_PreInfinity: 2
    m_PostInfinity: 2
    m_RotationOrder: 4
--- !u!1 &1164822502
GameObject:
  m_ObjectHideFlags: 0
  m_CorrespondingSourceObject: {fileID: 0}
  m_PrefabInstance: {fileID: 0}
  m_PrefabAsset: {fileID: 0}
  serializedVersion: 6
  m_Component:
  - component: {fileID: 1164822506}
  - component: {fileID: 1164822504}
  - component: {fileID: 1164822503}
  m_Layer: 0
  m_Name: Paused
  m_TagString: Untagged
  m_Icon: {fileID: 0}
  m_NavMeshLayer: 0
  m_StaticEditorFlags: 0
  m_IsActive: 1
--- !u!114 &1164822503
MonoBehaviour:
  m_ObjectHideFlags: 0
  m_CorrespondingSourceObject: {fileID: 0}
  m_PrefabInstance: {fileID: 0}
  m_PrefabAsset: {fileID: 0}
  m_GameObject: {fileID: 1164822502}
  m_Enabled: 1
  m_EditorHideFlags: 0
  m_Script: {fileID: 11500000, guid: 57b4b1751fb26714bbbac4938061e6cb, type: 3}
  m_Name: 
  m_EditorClassIdentifier: 
  pauseSource: {fileID: 1164822504}
  elevatorClip: {fileID: 8300000, guid: 8f929053012e76547bf58f1383e45588, type: 3}
  pausemenuObj: {fileID: 878608898}
--- !u!82 &1164822504
AudioSource:
  m_ObjectHideFlags: 0
  m_CorrespondingSourceObject: {fileID: 0}
  m_PrefabInstance: {fileID: 0}
  m_PrefabAsset: {fileID: 0}
  m_GameObject: {fileID: 1164822502}
  m_Enabled: 1
  serializedVersion: 4
  OutputAudioMixerGroup: {fileID: 0}
  m_audioClip: {fileID: 0}
  m_PlayOnAwake: 1
  m_Volume: 1
  m_Pitch: 1
  Loop: 1
  Mute: 0
  Spatialize: 0
  SpatializePostEffects: 0
  Priority: 128
  DopplerLevel: 1
  MinDistance: 1
  MaxDistance: 500
  Pan2D: 0
  rolloffMode: 0
  BypassEffects: 0
  BypassListenerEffects: 0
  BypassReverbZones: 0
  rolloffCustomCurve:
    serializedVersion: 2
    m_Curve:
    - serializedVersion: 3
      time: 0
      value: 1
      inSlope: 0
      outSlope: 0
      tangentMode: 0
      weightedMode: 0
      inWeight: 0.33333334
      outWeight: 0.33333334
    - serializedVersion: 3
      time: 1
      value: 0
      inSlope: 0
      outSlope: 0
      tangentMode: 0
      weightedMode: 0
      inWeight: 0.33333334
      outWeight: 0.33333334
    m_PreInfinity: 2
    m_PostInfinity: 2
    m_RotationOrder: 4
  panLevelCustomCurve:
    serializedVersion: 2
    m_Curve:
    - serializedVersion: 3
      time: 0
      value: 0
      inSlope: 0
      outSlope: 0
      tangentMode: 0
      weightedMode: 0
      inWeight: 0.33333334
      outWeight: 0.33333334
    m_PreInfinity: 2
    m_PostInfinity: 2
    m_RotationOrder: 4
  spreadCustomCurve:
    serializedVersion: 2
    m_Curve:
    - serializedVersion: 3
      time: 0
      value: 0
      inSlope: 0
      outSlope: 0
      tangentMode: 0
      weightedMode: 0
      inWeight: 0.33333334
      outWeight: 0.33333334
    m_PreInfinity: 2
    m_PostInfinity: 2
    m_RotationOrder: 4
  reverbZoneMixCustomCurve:
    serializedVersion: 2
    m_Curve:
    - serializedVersion: 3
      time: 0
      value: 1
      inSlope: 0
      outSlope: 0
      tangentMode: 0
      weightedMode: 0
      inWeight: 0.33333334
      outWeight: 0.33333334
    m_PreInfinity: 2
    m_PostInfinity: 2
    m_RotationOrder: 4
--- !u!4 &1164822506
Transform:
  m_ObjectHideFlags: 0
  m_CorrespondingSourceObject: {fileID: 0}
  m_PrefabInstance: {fileID: 0}
  m_PrefabAsset: {fileID: 0}
  m_GameObject: {fileID: 1164822502}
  m_LocalRotation: {x: 0, y: 0, z: 0, w: 1}
  m_LocalPosition: {x: 472, y: 139, z: 0}
  m_LocalScale: {x: 1, y: 1, z: 1}
  m_Children: []
  m_Father: {fileID: 0}
  m_RootOrder: 10
  m_LocalEulerAnglesHint: {x: 0, y: 0, z: 0}
--- !u!1 &1257706961 stripped
GameObject:
  m_CorrespondingSourceObject: {fileID: 3097661777815921486, guid: 75d3facd378b1e64e9ca9e6281cace86,
    type: 3}
  m_PrefabInstance: {fileID: 3097661778804536991}
  m_PrefabAsset: {fileID: 0}
--- !u!1 &1342621948
GameObject:
  m_ObjectHideFlags: 0
  m_CorrespondingSourceObject: {fileID: 0}
  m_PrefabInstance: {fileID: 0}
  m_PrefabAsset: {fileID: 0}
  serializedVersion: 6
  m_Component:
  - component: {fileID: 1342621949}
  - component: {fileID: 1342621950}
  m_Layer: 5
  m_Name: selectSound
  m_TagString: Untagged
  m_Icon: {fileID: 0}
  m_NavMeshLayer: 0
  m_StaticEditorFlags: 0
  m_IsActive: 1
--- !u!224 &1342621949
RectTransform:
  m_ObjectHideFlags: 0
  m_CorrespondingSourceObject: {fileID: 0}
  m_PrefabInstance: {fileID: 0}
  m_PrefabAsset: {fileID: 0}
  m_GameObject: {fileID: 1342621948}
  m_LocalRotation: {x: 0, y: 0, z: 0, w: 1}
  m_LocalPosition: {x: 0, y: 0, z: 0}
  m_LocalScale: {x: 1, y: 1, z: 1}
  m_Children: []
  m_Father: {fileID: 324026918}
  m_RootOrder: 1
  m_LocalEulerAnglesHint: {x: 0, y: 0, z: 0}
  m_AnchorMin: {x: 0.5, y: 0.5}
  m_AnchorMax: {x: 0.5, y: 0.5}
  m_AnchoredPosition: {x: 0, y: 0}
  m_SizeDelta: {x: 100, y: 100}
  m_Pivot: {x: 0.5, y: 0.5}
--- !u!82 &1342621950
AudioSource:
  m_ObjectHideFlags: 0
  m_CorrespondingSourceObject: {fileID: 0}
  m_PrefabInstance: {fileID: 0}
  m_PrefabAsset: {fileID: 0}
  m_GameObject: {fileID: 1342621948}
  m_Enabled: 1
  serializedVersion: 4
  OutputAudioMixerGroup: {fileID: 0}
  m_audioClip: {fileID: 0}
  m_PlayOnAwake: 1
  m_Volume: 1
  m_Pitch: 1
  Loop: 0
  Mute: 0
  Spatialize: 0
  SpatializePostEffects: 0
  Priority: 128
  DopplerLevel: 1
  MinDistance: 1
  MaxDistance: 500
  Pan2D: 0
  rolloffMode: 0
  BypassEffects: 0
  BypassListenerEffects: 0
  BypassReverbZones: 0
  rolloffCustomCurve:
    serializedVersion: 2
    m_Curve:
    - serializedVersion: 3
      time: 0
      value: 1
      inSlope: 0
      outSlope: 0
      tangentMode: 0
      weightedMode: 0
      inWeight: 0.33333334
      outWeight: 0.33333334
    - serializedVersion: 3
      time: 1
      value: 0
      inSlope: 0
      outSlope: 0
      tangentMode: 0
      weightedMode: 0
      inWeight: 0.33333334
      outWeight: 0.33333334
    m_PreInfinity: 2
    m_PostInfinity: 2
    m_RotationOrder: 4
  panLevelCustomCurve:
    serializedVersion: 2
    m_Curve:
    - serializedVersion: 3
      time: 0
      value: 0
      inSlope: 0
      outSlope: 0
      tangentMode: 0
      weightedMode: 0
      inWeight: 0.33333334
      outWeight: 0.33333334
    m_PreInfinity: 2
    m_PostInfinity: 2
    m_RotationOrder: 4
  spreadCustomCurve:
    serializedVersion: 2
    m_Curve:
    - serializedVersion: 3
      time: 0
      value: 0
      inSlope: 0
      outSlope: 0
      tangentMode: 0
      weightedMode: 0
      inWeight: 0.33333334
      outWeight: 0.33333334
    m_PreInfinity: 2
    m_PostInfinity: 2
    m_RotationOrder: 4
  reverbZoneMixCustomCurve:
    serializedVersion: 2
    m_Curve:
    - serializedVersion: 3
      time: 0
      value: 1
      inSlope: 0
      outSlope: 0
      tangentMode: 0
      weightedMode: 0
      inWeight: 0.33333334
      outWeight: 0.33333334
    m_PreInfinity: 2
    m_PostInfinity: 2
    m_RotationOrder: 4
--- !u!1 &1568137482
GameObject:
  m_ObjectHideFlags: 0
  m_CorrespondingSourceObject: {fileID: 0}
  m_PrefabInstance: {fileID: 0}
  m_PrefabAsset: {fileID: 0}
  serializedVersion: 6
  m_Component:
  - component: {fileID: 1568137483}
  m_Layer: 0
  m_Name: Orbit
  m_TagString: Untagged
  m_Icon: {fileID: 0}
  m_NavMeshLayer: 0
  m_StaticEditorFlags: 0
  m_IsActive: 1
--- !u!4 &1568137483
Transform:
  m_ObjectHideFlags: 0
  m_CorrespondingSourceObject: {fileID: 0}
  m_PrefabInstance: {fileID: 0}
  m_PrefabAsset: {fileID: 0}
  m_GameObject: {fileID: 1568137482}
  m_LocalRotation: {x: 0, y: 0, z: 0, w: 1}
  m_LocalPosition: {x: 0, y: 0, z: 2}
  m_LocalScale: {x: 1, y: 1, z: 1}
  m_Children: []
  m_Father: {fileID: 2096360914}
  m_RootOrder: 0
  m_LocalEulerAnglesHint: {x: 0, y: 0, z: 0}
--- !u!82 &1619713809 stripped
AudioSource:
  m_CorrespondingSourceObject: {fileID: 5344015471810963802, guid: 61336185cdc201140a12dc4e2d04c71f,
    type: 3}
  m_PrefabInstance: {fileID: 6073772074667535025}
  m_PrefabAsset: {fileID: 0}
--- !u!4 &1674934399 stripped
Transform:
  m_CorrespondingSourceObject: {fileID: 4158591482363349548, guid: f62b8ae246812294a90542f748789e96,
    type: 3}
  m_PrefabInstance: {fileID: 4158591484044510578}
  m_PrefabAsset: {fileID: 0}
--- !u!1 &1748912174
GameObject:
  m_ObjectHideFlags: 0
  m_CorrespondingSourceObject: {fileID: 0}
  m_PrefabInstance: {fileID: 0}
  m_PrefabAsset: {fileID: 0}
  serializedVersion: 6
  m_Component:
  - component: {fileID: 1748912177}
  - component: {fileID: 1748912176}
  - component: {fileID: 1748912175}
  m_Layer: 0
  m_Name: BGM
  m_TagString: Untagged
  m_Icon: {fileID: 0}
  m_NavMeshLayer: 0
  m_StaticEditorFlags: 0
  m_IsActive: 1
--- !u!114 &1748912175
MonoBehaviour:
  m_ObjectHideFlags: 0
  m_CorrespondingSourceObject: {fileID: 0}
  m_PrefabInstance: {fileID: 0}
  m_PrefabAsset: {fileID: 0}
  m_GameObject: {fileID: 1748912174}
  m_Enabled: 1
  m_EditorHideFlags: 0
  m_Script: {fileID: 11500000, guid: bcf940a7baff5c6468e458b15154c19b, type: 3}
  m_Name: 
  m_EditorClassIdentifier: 
  bgmSource: {fileID: 1748912176}
  bgmClip: {fileID: 8300000, guid: 42294e164aa64fe47ab4252ca34edc5e, type: 3}
  pausemenuObj: {fileID: 878608898}
--- !u!82 &1748912176
AudioSource:
  m_ObjectHideFlags: 0
  m_CorrespondingSourceObject: {fileID: 0}
  m_PrefabInstance: {fileID: 0}
  m_PrefabAsset: {fileID: 0}
  m_GameObject: {fileID: 1748912174}
  m_Enabled: 1
  serializedVersion: 4
  OutputAudioMixerGroup: {fileID: 0}
  m_audioClip: {fileID: 8300000, guid: 42294e164aa64fe47ab4252ca34edc5e, type: 3}
  m_PlayOnAwake: 1
  m_Volume: 0.5
  m_Pitch: 1
  Loop: 1
  Mute: 0
  Spatialize: 0
  SpatializePostEffects: 0
  Priority: 128
  DopplerLevel: 1
  MinDistance: 1
  MaxDistance: 500
  Pan2D: 0
  rolloffMode: 0
  BypassEffects: 0
  BypassListenerEffects: 0
  BypassReverbZones: 0
  rolloffCustomCurve:
    serializedVersion: 2
    m_Curve:
    - serializedVersion: 3
      time: 0
      value: 1
      inSlope: 0
      outSlope: 0
      tangentMode: 0
      weightedMode: 0
      inWeight: 0.33333334
      outWeight: 0.33333334
    - serializedVersion: 3
      time: 1
      value: 0
      inSlope: 0
      outSlope: 0
      tangentMode: 0
      weightedMode: 0
      inWeight: 0.33333334
      outWeight: 0.33333334
    m_PreInfinity: 2
    m_PostInfinity: 2
    m_RotationOrder: 4
  panLevelCustomCurve:
    serializedVersion: 2
    m_Curve:
    - serializedVersion: 3
      time: 0
      value: 0
      inSlope: 0
      outSlope: 0
      tangentMode: 0
      weightedMode: 0
      inWeight: 0.33333334
      outWeight: 0.33333334
    m_PreInfinity: 2
    m_PostInfinity: 2
    m_RotationOrder: 4
  spreadCustomCurve:
    serializedVersion: 2
    m_Curve:
    - serializedVersion: 3
      time: 0
      value: 0
      inSlope: 0
      outSlope: 0
      tangentMode: 0
      weightedMode: 0
      inWeight: 0.33333334
      outWeight: 0.33333334
    m_PreInfinity: 2
    m_PostInfinity: 2
    m_RotationOrder: 4
  reverbZoneMixCustomCurve:
    serializedVersion: 2
    m_Curve:
    - serializedVersion: 3
      time: 0
      value: 1
      inSlope: 0
      outSlope: 0
      tangentMode: 0
      weightedMode: 0
      inWeight: 0.33333334
      outWeight: 0.33333334
    m_PreInfinity: 2
    m_PostInfinity: 2
    m_RotationOrder: 4
--- !u!4 &1748912177
Transform:
  m_ObjectHideFlags: 0
  m_CorrespondingSourceObject: {fileID: 0}
  m_PrefabInstance: {fileID: 0}
  m_PrefabAsset: {fileID: 0}
  m_GameObject: {fileID: 1748912174}
  m_LocalRotation: {x: 0, y: 0, z: 0, w: 1}
  m_LocalPosition: {x: 0, y: 0, z: 0}
  m_LocalScale: {x: 1, y: 1, z: 1}
  m_Children: []
  m_Father: {fileID: 0}
  m_RootOrder: 9
  m_LocalEulerAnglesHint: {x: 0, y: 0, z: 0}
--- !u!224 &1763414674 stripped
RectTransform:
  m_CorrespondingSourceObject: {fileID: 3097661778150704166, guid: 75d3facd378b1e64e9ca9e6281cace86,
    type: 3}
  m_PrefabInstance: {fileID: 3097661778804536991}
  m_PrefabAsset: {fileID: 0}
--- !u!4 &1940972241 stripped
Transform:
  m_CorrespondingSourceObject: {fileID: 7881568912236556736, guid: ab54c3c336d52a541871a0f1f2206cdb,
    type: 3}
  m_PrefabInstance: {fileID: 7881568912480849775}
  m_PrefabAsset: {fileID: 0}
--- !u!82 &1981276454 stripped
AudioSource:
  m_CorrespondingSourceObject: {fileID: 7872342680166034637, guid: 61336185cdc201140a12dc4e2d04c71f,
    type: 3}
  m_PrefabInstance: {fileID: 6073772074667535025}
  m_PrefabAsset: {fileID: 0}
--- !u!1 &2096360912
GameObject:
  m_ObjectHideFlags: 0
  m_CorrespondingSourceObject: {fileID: 0}
  m_PrefabInstance: {fileID: 0}
  m_PrefabAsset: {fileID: 0}
  serializedVersion: 6
  m_Component:
  - component: {fileID: 2096360914}
  - component: {fileID: 2096360913}
  m_Layer: 0
  m_Name: R_Alt_Target
  m_TagString: Untagged
  m_Icon: {fileID: 0}
  m_NavMeshLayer: 0
  m_StaticEditorFlags: 0
  m_IsActive: 1
--- !u!114 &2096360913
MonoBehaviour:
  m_ObjectHideFlags: 0
  m_CorrespondingSourceObject: {fileID: 0}
  m_PrefabInstance: {fileID: 0}
  m_PrefabAsset: {fileID: 0}
  m_GameObject: {fileID: 2096360912}
  m_Enabled: 1
  m_EditorHideFlags: 0
  m_Script: {fileID: 11500000, guid: fbfd6cea5487fc54089f9c40d497776c, type: 3}
  m_Name: 
  m_EditorClassIdentifier: 
  target: {fileID: 123421541}
  rotationSpeed: 5
  lockedX: 15
--- !u!4 &2096360914
Transform:
  m_ObjectHideFlags: 0
  m_CorrespondingSourceObject: {fileID: 0}
  m_PrefabInstance: {fileID: 0}
  m_PrefabAsset: {fileID: 0}
  m_GameObject: {fileID: 2096360912}
  m_LocalRotation: {x: 0, y: 0, z: 0, w: 1}
  m_LocalPosition: {x: 0, y: 0, z: 15}
  m_LocalScale: {x: 1, y: 1, z: 1}
  m_Children:
  - {fileID: 1568137483}
  m_Father: {fileID: 0}
  m_RootOrder: 5
  m_LocalEulerAnglesHint: {x: 0, y: 0, z: 0}
--- !u!1001 &1876923628780447282
PrefabInstance:
  m_ObjectHideFlags: 0
  serializedVersion: 2
  m_Modification:
    m_TransformParent: {fileID: 0}
    m_Modifications:
    - target: {fileID: 1876923628791375191, guid: 4408072fc0af6ce4b93ca1a75562be32,
        type: 3}
      propertyPath: m_Name
      value: Ball
      objectReference: {fileID: 0}
    - target: {fileID: 1876923628791375192, guid: 4408072fc0af6ce4b93ca1a75562be32,
        type: 3}
      propertyPath: m_LocalPosition.x
      value: 0
      objectReference: {fileID: 0}
    - target: {fileID: 1876923628791375192, guid: 4408072fc0af6ce4b93ca1a75562be32,
        type: 3}
      propertyPath: m_LocalPosition.y
      value: 2
      objectReference: {fileID: 0}
    - target: {fileID: 1876923628791375192, guid: 4408072fc0af6ce4b93ca1a75562be32,
        type: 3}
      propertyPath: m_LocalPosition.z
      value: 0
      objectReference: {fileID: 0}
    - target: {fileID: 1876923628791375192, guid: 4408072fc0af6ce4b93ca1a75562be32,
        type: 3}
      propertyPath: m_LocalRotation.x
      value: 0
      objectReference: {fileID: 0}
    - target: {fileID: 1876923628791375192, guid: 4408072fc0af6ce4b93ca1a75562be32,
        type: 3}
      propertyPath: m_LocalRotation.y
      value: 0
      objectReference: {fileID: 0}
    - target: {fileID: 1876923628791375192, guid: 4408072fc0af6ce4b93ca1a75562be32,
        type: 3}
      propertyPath: m_LocalRotation.z
      value: 0
      objectReference: {fileID: 0}
    - target: {fileID: 1876923628791375192, guid: 4408072fc0af6ce4b93ca1a75562be32,
        type: 3}
      propertyPath: m_LocalRotation.w
      value: 1
      objectReference: {fileID: 0}
    - target: {fileID: 1876923628791375192, guid: 4408072fc0af6ce4b93ca1a75562be32,
        type: 3}
      propertyPath: m_RootOrder
      value: 4
      objectReference: {fileID: 0}
    - target: {fileID: 1876923628791375192, guid: 4408072fc0af6ce4b93ca1a75562be32,
        type: 3}
      propertyPath: m_LocalEulerAnglesHint.x
      value: 0
      objectReference: {fileID: 0}
    - target: {fileID: 1876923628791375192, guid: 4408072fc0af6ce4b93ca1a75562be32,
        type: 3}
      propertyPath: m_LocalEulerAnglesHint.y
      value: 0
      objectReference: {fileID: 0}
    - target: {fileID: 1876923628791375192, guid: 4408072fc0af6ce4b93ca1a75562be32,
        type: 3}
      propertyPath: m_LocalEulerAnglesHint.z
      value: 0
      objectReference: {fileID: 0}
    - target: {fileID: 1876923628791375193, guid: 4408072fc0af6ce4b93ca1a75562be32,
        type: 3}
      propertyPath: bounceClip
      value: 
      objectReference: {fileID: 8300000, guid: 4e8ea13711610ab49a4869e726d7f4f7, type: 3}
    - target: {fileID: 1876923628791375193, guid: 4408072fc0af6ce4b93ca1a75562be32,
        type: 3}
      propertyPath: bounceSource
      value: 
      objectReference: {fileID: 326531397}
    - target: {fileID: 1876923628791375193, guid: 4408072fc0af6ce4b93ca1a75562be32,
        type: 3}
      propertyPath: goalClip
      value: 
      objectReference: {fileID: 8300000, guid: b43d96751b5c2614ab30934764785099, type: 3}
    m_RemovedComponents: []
  m_SourcePrefab: {fileID: 100100000, guid: 4408072fc0af6ce4b93ca1a75562be32, type: 3}
--- !u!1001 &3097661778804536991
PrefabInstance:
  m_ObjectHideFlags: 0
  serializedVersion: 2
  m_Modification:
    m_TransformParent: {fileID: 0}
    m_Modifications:
    - target: {fileID: 3097661778150704170, guid: 75d3facd378b1e64e9ca9e6281cace86,
        type: 3}
      propertyPath: m_Name
      value: Canvas
      objectReference: {fileID: 0}
    - target: {fileID: 3097661778150704170, guid: 75d3facd378b1e64e9ca9e6281cace86,
        type: 3}
      propertyPath: m_IsActive
      value: 1
      objectReference: {fileID: 0}
    - target: {fileID: 3097661778150704166, guid: 75d3facd378b1e64e9ca9e6281cace86,
        type: 3}
      propertyPath: m_LocalPosition.x
      value: 0
      objectReference: {fileID: 0}
    - target: {fileID: 3097661778150704166, guid: 75d3facd378b1e64e9ca9e6281cace86,
        type: 3}
      propertyPath: m_LocalPosition.y
      value: 0
      objectReference: {fileID: 0}
    - target: {fileID: 3097661778150704166, guid: 75d3facd378b1e64e9ca9e6281cace86,
        type: 3}
      propertyPath: m_LocalPosition.z
      value: 0
      objectReference: {fileID: 0}
    - target: {fileID: 3097661778150704166, guid: 75d3facd378b1e64e9ca9e6281cace86,
        type: 3}
      propertyPath: m_LocalRotation.x
      value: 0
      objectReference: {fileID: 0}
    - target: {fileID: 3097661778150704166, guid: 75d3facd378b1e64e9ca9e6281cace86,
        type: 3}
      propertyPath: m_LocalRotation.y
      value: 0
      objectReference: {fileID: 0}
    - target: {fileID: 3097661778150704166, guid: 75d3facd378b1e64e9ca9e6281cace86,
        type: 3}
      propertyPath: m_LocalRotation.z
      value: 0
      objectReference: {fileID: 0}
    - target: {fileID: 3097661778150704166, guid: 75d3facd378b1e64e9ca9e6281cace86,
        type: 3}
      propertyPath: m_LocalRotation.w
      value: 1
      objectReference: {fileID: 0}
    - target: {fileID: 3097661778150704166, guid: 75d3facd378b1e64e9ca9e6281cace86,
        type: 3}
      propertyPath: m_RootOrder
      value: 6
      objectReference: {fileID: 0}
    - target: {fileID: 3097661778150704166, guid: 75d3facd378b1e64e9ca9e6281cace86,
        type: 3}
      propertyPath: m_LocalEulerAnglesHint.x
      value: 0
      objectReference: {fileID: 0}
    - target: {fileID: 3097661778150704166, guid: 75d3facd378b1e64e9ca9e6281cace86,
        type: 3}
      propertyPath: m_LocalEulerAnglesHint.y
      value: 0
      objectReference: {fileID: 0}
    - target: {fileID: 3097661778150704166, guid: 75d3facd378b1e64e9ca9e6281cace86,
        type: 3}
      propertyPath: m_LocalEulerAnglesHint.z
      value: 0
      objectReference: {fileID: 0}
    - target: {fileID: 3097661778150704166, guid: 75d3facd378b1e64e9ca9e6281cace86,
        type: 3}
      propertyPath: m_AnchoredPosition.x
      value: 0
      objectReference: {fileID: 0}
    - target: {fileID: 3097661778150704166, guid: 75d3facd378b1e64e9ca9e6281cace86,
        type: 3}
      propertyPath: m_AnchoredPosition.y
      value: 0
      objectReference: {fileID: 0}
    - target: {fileID: 3097661778150704166, guid: 75d3facd378b1e64e9ca9e6281cace86,
        type: 3}
      propertyPath: m_SizeDelta.x
      value: 0
      objectReference: {fileID: 0}
    - target: {fileID: 3097661778150704166, guid: 75d3facd378b1e64e9ca9e6281cace86,
        type: 3}
      propertyPath: m_SizeDelta.y
      value: 0
      objectReference: {fileID: 0}
    - target: {fileID: 3097661778150704166, guid: 75d3facd378b1e64e9ca9e6281cace86,
        type: 3}
      propertyPath: m_AnchorMin.x
      value: 0
      objectReference: {fileID: 0}
    - target: {fileID: 3097661778150704166, guid: 75d3facd378b1e64e9ca9e6281cace86,
        type: 3}
      propertyPath: m_AnchorMin.y
      value: 0
      objectReference: {fileID: 0}
    - target: {fileID: 3097661778150704166, guid: 75d3facd378b1e64e9ca9e6281cace86,
        type: 3}
      propertyPath: m_AnchorMax.x
      value: 0
      objectReference: {fileID: 0}
    - target: {fileID: 3097661778150704166, guid: 75d3facd378b1e64e9ca9e6281cace86,
        type: 3}
      propertyPath: m_AnchorMax.y
      value: 0
      objectReference: {fileID: 0}
    - target: {fileID: 3097661778150704166, guid: 75d3facd378b1e64e9ca9e6281cace86,
        type: 3}
      propertyPath: m_Pivot.x
      value: 0
      objectReference: {fileID: 0}
    - target: {fileID: 3097661778150704166, guid: 75d3facd378b1e64e9ca9e6281cace86,
        type: 3}
      propertyPath: m_Pivot.y
      value: 0
      objectReference: {fileID: 0}
    m_RemovedComponents: []
  m_SourcePrefab: {fileID: 100100000, guid: 75d3facd378b1e64e9ca9e6281cace86, type: 3}
--- !u!1001 &4158591484044510578
PrefabInstance:
  m_ObjectHideFlags: 0
  serializedVersion: 2
  m_Modification:
    m_TransformParent: {fileID: 0}
    m_Modifications:
    - target: {fileID: 4158591482363349544, guid: f62b8ae246812294a90542f748789e96,
        type: 3}
      propertyPath: m_Name
      value: Blue_Player_Single
      objectReference: {fileID: 0}
    - target: {fileID: 4158591482363349548, guid: f62b8ae246812294a90542f748789e96,
        type: 3}
      propertyPath: m_LocalPosition.x
      value: 0
      objectReference: {fileID: 0}
    - target: {fileID: 4158591482363349548, guid: f62b8ae246812294a90542f748789e96,
        type: 3}
      propertyPath: m_LocalPosition.y
      value: 1
      objectReference: {fileID: 0}
    - target: {fileID: 4158591482363349548, guid: f62b8ae246812294a90542f748789e96,
        type: 3}
      propertyPath: m_LocalPosition.z
      value: -15
      objectReference: {fileID: 0}
    - target: {fileID: 4158591482363349548, guid: f62b8ae246812294a90542f748789e96,
        type: 3}
      propertyPath: m_LocalRotation.x
      value: 0
      objectReference: {fileID: 0}
    - target: {fileID: 4158591482363349548, guid: f62b8ae246812294a90542f748789e96,
        type: 3}
      propertyPath: m_LocalRotation.y
      value: 0
      objectReference: {fileID: 0}
    - target: {fileID: 4158591482363349548, guid: f62b8ae246812294a90542f748789e96,
        type: 3}
      propertyPath: m_LocalRotation.z
      value: 0
      objectReference: {fileID: 0}
    - target: {fileID: 4158591482363349548, guid: f62b8ae246812294a90542f748789e96,
        type: 3}
      propertyPath: m_LocalRotation.w
      value: 1
      objectReference: {fileID: 0}
    - target: {fileID: 4158591482363349548, guid: f62b8ae246812294a90542f748789e96,
        type: 3}
      propertyPath: m_RootOrder
      value: 0
      objectReference: {fileID: 0}
    - target: {fileID: 4158591482363349548, guid: f62b8ae246812294a90542f748789e96,
        type: 3}
      propertyPath: m_LocalEulerAnglesHint.x
      value: 0
      objectReference: {fileID: 0}
    - target: {fileID: 4158591482363349548, guid: f62b8ae246812294a90542f748789e96,
        type: 3}
      propertyPath: m_LocalEulerAnglesHint.y
      value: 0
      objectReference: {fileID: 0}
    - target: {fileID: 4158591482363349548, guid: f62b8ae246812294a90542f748789e96,
        type: 3}
      propertyPath: m_LocalEulerAnglesHint.z
      value: 0
      objectReference: {fileID: 0}
    - target: {fileID: 4158591482363349523, guid: f62b8ae246812294a90542f748789e96,
        type: 3}
      propertyPath: hitClip
      value: 
      objectReference: {fileID: 8300000, guid: 489cbf6811a90d74e806aef933e4ea31, type: 3}
    - target: {fileID: 4158591482363349523, guid: f62b8ae246812294a90542f748789e96,
        type: 3}
      propertyPath: playerSource
      value: 
      objectReference: {fileID: 1146171149}
    - target: {fileID: 4158591484166041376, guid: f62b8ae246812294a90542f748789e96,
        type: 3}
      propertyPath: m_Enabled
      value: 1
      objectReference: {fileID: 0}
    m_RemovedComponents: []
  m_SourcePrefab: {fileID: 100100000, guid: f62b8ae246812294a90542f748789e96, type: 3}
--- !u!1001 &4750124110907930353
PrefabInstance:
  m_ObjectHideFlags: 0
  serializedVersion: 2
  m_Modification:
    m_TransformParent: {fileID: 0}
    m_Modifications:
    - target: {fileID: 4750124110951695675, guid: 30d869ab89eb41148be22a4af4de944f,
        type: 3}
      propertyPath: m_Name
      value: Singleplayer Pausemenu
      objectReference: {fileID: 0}
    - target: {fileID: 4750124110951695675, guid: 30d869ab89eb41148be22a4af4de944f,
        type: 3}
      propertyPath: m_IsActive
      value: 1
      objectReference: {fileID: 0}
    - target: {fileID: 4750124110951695678, guid: 30d869ab89eb41148be22a4af4de944f,
        type: 3}
      propertyPath: m_LocalPosition.x
      value: 0
      objectReference: {fileID: 0}
    - target: {fileID: 4750124110951695678, guid: 30d869ab89eb41148be22a4af4de944f,
        type: 3}
      propertyPath: m_LocalPosition.y
      value: 0
      objectReference: {fileID: 0}
    - target: {fileID: 4750124110951695678, guid: 30d869ab89eb41148be22a4af4de944f,
        type: 3}
      propertyPath: m_LocalPosition.z
      value: 0
      objectReference: {fileID: 0}
    - target: {fileID: 4750124110951695678, guid: 30d869ab89eb41148be22a4af4de944f,
        type: 3}
      propertyPath: m_LocalRotation.x
      value: 0
      objectReference: {fileID: 0}
    - target: {fileID: 4750124110951695678, guid: 30d869ab89eb41148be22a4af4de944f,
        type: 3}
      propertyPath: m_LocalRotation.y
      value: 0
      objectReference: {fileID: 0}
    - target: {fileID: 4750124110951695678, guid: 30d869ab89eb41148be22a4af4de944f,
        type: 3}
      propertyPath: m_LocalRotation.z
      value: 0
      objectReference: {fileID: 0}
    - target: {fileID: 4750124110951695678, guid: 30d869ab89eb41148be22a4af4de944f,
        type: 3}
      propertyPath: m_LocalRotation.w
      value: 1
      objectReference: {fileID: 0}
    - target: {fileID: 4750124110951695678, guid: 30d869ab89eb41148be22a4af4de944f,
        type: 3}
      propertyPath: m_RootOrder
      value: 8
      objectReference: {fileID: 0}
    - target: {fileID: 4750124110951695678, guid: 30d869ab89eb41148be22a4af4de944f,
        type: 3}
      propertyPath: m_LocalEulerAnglesHint.x
      value: 0
      objectReference: {fileID: 0}
    - target: {fileID: 4750124110951695678, guid: 30d869ab89eb41148be22a4af4de944f,
        type: 3}
      propertyPath: m_LocalEulerAnglesHint.y
      value: 0
      objectReference: {fileID: 0}
    - target: {fileID: 4750124110951695678, guid: 30d869ab89eb41148be22a4af4de944f,
        type: 3}
      propertyPath: m_LocalEulerAnglesHint.z
      value: 0
      objectReference: {fileID: 0}
    - target: {fileID: 4750124110951695678, guid: 30d869ab89eb41148be22a4af4de944f,
        type: 3}
      propertyPath: m_AnchoredPosition.x
      value: 0
      objectReference: {fileID: 0}
    - target: {fileID: 4750124110951695678, guid: 30d869ab89eb41148be22a4af4de944f,
        type: 3}
      propertyPath: m_AnchoredPosition.y
      value: 0
      objectReference: {fileID: 0}
    - target: {fileID: 4750124110951695678, guid: 30d869ab89eb41148be22a4af4de944f,
        type: 3}
      propertyPath: m_SizeDelta.x
      value: 0
      objectReference: {fileID: 0}
    - target: {fileID: 4750124110951695678, guid: 30d869ab89eb41148be22a4af4de944f,
        type: 3}
      propertyPath: m_SizeDelta.y
      value: 0
      objectReference: {fileID: 0}
    - target: {fileID: 4750124110951695678, guid: 30d869ab89eb41148be22a4af4de944f,
        type: 3}
      propertyPath: m_AnchorMin.x
      value: 0
      objectReference: {fileID: 0}
    - target: {fileID: 4750124110951695678, guid: 30d869ab89eb41148be22a4af4de944f,
        type: 3}
      propertyPath: m_AnchorMin.y
      value: 0
      objectReference: {fileID: 0}
    - target: {fileID: 4750124110951695678, guid: 30d869ab89eb41148be22a4af4de944f,
        type: 3}
      propertyPath: m_AnchorMax.x
      value: 0
      objectReference: {fileID: 0}
    - target: {fileID: 4750124110951695678, guid: 30d869ab89eb41148be22a4af4de944f,
        type: 3}
      propertyPath: m_AnchorMax.y
      value: 0
      objectReference: {fileID: 0}
    - target: {fileID: 4750124110951695678, guid: 30d869ab89eb41148be22a4af4de944f,
        type: 3}
      propertyPath: m_Pivot.x
      value: 0
      objectReference: {fileID: 0}
    - target: {fileID: 4750124110951695678, guid: 30d869ab89eb41148be22a4af4de944f,
        type: 3}
      propertyPath: m_Pivot.y
      value: 0
      objectReference: {fileID: 0}
    - target: {fileID: 4750124110951695674, guid: 30d869ab89eb41148be22a4af4de944f,
        type: 3}
      propertyPath: selectClip
      value: 
      objectReference: {fileID: 8300000, guid: d9851e5a4267ed042a66015be3eac6f2, type: 3}
    - target: {fileID: 4750124110951695674, guid: 30d869ab89eb41148be22a4af4de944f,
        type: 3}
      propertyPath: selectSource
      value: 
      objectReference: {fileID: 1342621950}
    - target: {fileID: 4750124110951695674, guid: 30d869ab89eb41148be22a4af4de944f,
        type: 3}
      propertyPath: deselectClip
      value: 
      objectReference: {fileID: 8300000, guid: d44b6472dc4f46d40b78b4d23558307a, type: 3}
    - target: {fileID: 4750124110951695674, guid: 30d869ab89eb41148be22a4af4de944f,
        type: 3}
      propertyPath: elevatorMusic
      value: 
      objectReference: {fileID: 1164822502}
    - target: {fileID: 4750124110951695674, guid: 30d869ab89eb41148be22a4af4de944f,
        type: 3}
      propertyPath: playerCam
      value: 
      objectReference: {fileID: 955643412}
    - target: {fileID: 4750124110951695674, guid: 30d869ab89eb41148be22a4af4de944f,
        type: 3}
      propertyPath: Player
      value: 
      objectReference: {fileID: 254073510}
    - target: {fileID: 4750124110951695674, guid: 30d869ab89eb41148be22a4af4de944f,
        type: 3}
      propertyPath: isPaused
      value: 0
      objectReference: {fileID: 0}
    - target: {fileID: 4750124110951695679, guid: 30d869ab89eb41148be22a4af4de944f,
        type: 3}
      propertyPath: m_Camera
      value: 
      objectReference: {fileID: 838903443}
    - target: {fileID: 4750124110381067438, guid: 30d869ab89eb41148be22a4af4de944f,
        type: 3}
      propertyPath: m_IsActive
      value: 0
      objectReference: {fileID: 0}
    m_RemovedComponents: []
  m_SourcePrefab: {fileID: 100100000, guid: 30d869ab89eb41148be22a4af4de944f, type: 3}
--- !u!1001 &6023619136791419014
PrefabInstance:
  m_ObjectHideFlags: 0
  serializedVersion: 2
  m_Modification:
    m_TransformParent: {fileID: 0}
    m_Modifications:
    - target: {fileID: 6023619135988779355, guid: c11aa778d1604244d8af9569df5a00d4,
        type: 3}
      propertyPath: m_Name
      value: EventSystem
      objectReference: {fileID: 0}
    - target: {fileID: 6023619135988779366, guid: c11aa778d1604244d8af9569df5a00d4,
        type: 3}
      propertyPath: m_LocalPosition.x
      value: 0
      objectReference: {fileID: 0}
    - target: {fileID: 6023619135988779366, guid: c11aa778d1604244d8af9569df5a00d4,
        type: 3}
      propertyPath: m_LocalPosition.y
      value: 0
      objectReference: {fileID: 0}
    - target: {fileID: 6023619135988779366, guid: c11aa778d1604244d8af9569df5a00d4,
        type: 3}
      propertyPath: m_LocalPosition.z
      value: 0
      objectReference: {fileID: 0}
    - target: {fileID: 6023619135988779366, guid: c11aa778d1604244d8af9569df5a00d4,
        type: 3}
      propertyPath: m_LocalRotation.x
      value: 0
      objectReference: {fileID: 0}
    - target: {fileID: 6023619135988779366, guid: c11aa778d1604244d8af9569df5a00d4,
        type: 3}
      propertyPath: m_LocalRotation.y
      value: 0
      objectReference: {fileID: 0}
    - target: {fileID: 6023619135988779366, guid: c11aa778d1604244d8af9569df5a00d4,
        type: 3}
      propertyPath: m_LocalRotation.z
      value: 0
      objectReference: {fileID: 0}
    - target: {fileID: 6023619135988779366, guid: c11aa778d1604244d8af9569df5a00d4,
        type: 3}
      propertyPath: m_LocalRotation.w
      value: 1
      objectReference: {fileID: 0}
    - target: {fileID: 6023619135988779366, guid: c11aa778d1604244d8af9569df5a00d4,
        type: 3}
      propertyPath: m_RootOrder
      value: 7
      objectReference: {fileID: 0}
    - target: {fileID: 6023619135988779366, guid: c11aa778d1604244d8af9569df5a00d4,
        type: 3}
      propertyPath: m_LocalEulerAnglesHint.x
      value: 0
      objectReference: {fileID: 0}
    - target: {fileID: 6023619135988779366, guid: c11aa778d1604244d8af9569df5a00d4,
        type: 3}
      propertyPath: m_LocalEulerAnglesHint.y
      value: 0
      objectReference: {fileID: 0}
    - target: {fileID: 6023619135988779366, guid: c11aa778d1604244d8af9569df5a00d4,
        type: 3}
      propertyPath: m_LocalEulerAnglesHint.z
      value: 0
      objectReference: {fileID: 0}
    m_RemovedComponents: []
  m_SourcePrefab: {fileID: 100100000, guid: c11aa778d1604244d8af9569df5a00d4, type: 3}
--- !u!1001 &6073772074667535025
PrefabInstance:
  m_ObjectHideFlags: 0
  serializedVersion: 2
  m_Modification:
    m_TransformParent: {fileID: 0}
    m_Modifications:
    - target: {fileID: 6073772075533270542, guid: 61336185cdc201140a12dc4e2d04c71f,
        type: 3}
      propertyPath: m_Name
      value: Room
      objectReference: {fileID: 0}
    - target: {fileID: 6073772075423021701, guid: 61336185cdc201140a12dc4e2d04c71f,
        type: 3}
      propertyPath: m_TagString
      value: Goal
      objectReference: {fileID: 0}
    - target: {fileID: 6073772075533270641, guid: 61336185cdc201140a12dc4e2d04c71f,
        type: 3}
      propertyPath: m_LocalPosition.x
      value: 0
      objectReference: {fileID: 0}
    - target: {fileID: 6073772075533270641, guid: 61336185cdc201140a12dc4e2d04c71f,
        type: 3}
      propertyPath: m_LocalPosition.y
      value: 0
      objectReference: {fileID: 0}
    - target: {fileID: 6073772075533270641, guid: 61336185cdc201140a12dc4e2d04c71f,
        type: 3}
      propertyPath: m_LocalPosition.z
      value: 0
      objectReference: {fileID: 0}
    - target: {fileID: 6073772075533270641, guid: 61336185cdc201140a12dc4e2d04c71f,
        type: 3}
      propertyPath: m_LocalRotation.x
      value: 0
      objectReference: {fileID: 0}
    - target: {fileID: 6073772075533270641, guid: 61336185cdc201140a12dc4e2d04c71f,
        type: 3}
      propertyPath: m_LocalRotation.y
      value: 0
      objectReference: {fileID: 0}
    - target: {fileID: 6073772075533270641, guid: 61336185cdc201140a12dc4e2d04c71f,
        type: 3}
      propertyPath: m_LocalRotation.z
      value: 0
      objectReference: {fileID: 0}
    - target: {fileID: 6073772075533270641, guid: 61336185cdc201140a12dc4e2d04c71f,
        type: 3}
      propertyPath: m_LocalRotation.w
      value: 1
      objectReference: {fileID: 0}
    - target: {fileID: 6073772075533270641, guid: 61336185cdc201140a12dc4e2d04c71f,
        type: 3}
      propertyPath: m_RootOrder
      value: 3
      objectReference: {fileID: 0}
    - target: {fileID: 6073772075533270641, guid: 61336185cdc201140a12dc4e2d04c71f,
        type: 3}
      propertyPath: m_LocalEulerAnglesHint.x
      value: 0
      objectReference: {fileID: 0}
    - target: {fileID: 6073772075533270641, guid: 61336185cdc201140a12dc4e2d04c71f,
        type: 3}
      propertyPath: m_LocalEulerAnglesHint.y
      value: 0
      objectReference: {fileID: 0}
    - target: {fileID: 6073772075533270641, guid: 61336185cdc201140a12dc4e2d04c71f,
        type: 3}
      propertyPath: m_LocalEulerAnglesHint.z
      value: 0
      objectReference: {fileID: 0}
    - target: {fileID: 6073772075423021704, guid: 61336185cdc201140a12dc4e2d04c71f,
        type: 3}
      propertyPath: scorecard
      value: 
      objectReference: {fileID: 132117316}
    - target: {fileID: 6073772075423021704, guid: 61336185cdc201140a12dc4e2d04c71f,
        type: 3}
      propertyPath: goalClip
      value: 
      objectReference: {fileID: 8300000, guid: b43d96751b5c2614ab30934764785099, type: 3}
    - target: {fileID: 6073772075423021704, guid: 61336185cdc201140a12dc4e2d04c71f,
        type: 3}
      propertyPath: goalSorce
      value: 
      objectReference: {fileID: 1619713809}
    - target: {fileID: 6073772075423021704, guid: 61336185cdc201140a12dc4e2d04c71f,
        type: 3}
      propertyPath: name
      value: Red
      objectReference: {fileID: 0}
    - target: {fileID: 6073772075423021704, guid: 61336185cdc201140a12dc4e2d04c71f,
        type: 3}
      propertyPath: winCondition
      value: 10
      objectReference: {fileID: 0}
    - target: {fileID: 6073772075423021704, guid: 61336185cdc201140a12dc4e2d04c71f,
        type: 3}
      propertyPath: victory
      value: 
      objectReference: {fileID: 826847269}
    - target: {fileID: 6073772075199153552, guid: 61336185cdc201140a12dc4e2d04c71f,
        type: 3}
      propertyPath: scorecard
      value: 
      objectReference: {fileID: 1257706961}
    - target: {fileID: 6073772075199153552, guid: 61336185cdc201140a12dc4e2d04c71f,
        type: 3}
      propertyPath: goalSorce
      value: 
      objectReference: {fileID: 1981276454}
    - target: {fileID: 6073772075199153552, guid: 61336185cdc201140a12dc4e2d04c71f,
        type: 3}
      propertyPath: goalClip
      value: 
      objectReference: {fileID: 8300000, guid: b43d96751b5c2614ab30934764785099, type: 3}
    - target: {fileID: 6073772075199153552, guid: 61336185cdc201140a12dc4e2d04c71f,
        type: 3}
      propertyPath: name
      value: Blue
      objectReference: {fileID: 0}
    - target: {fileID: 6073772075199153552, guid: 61336185cdc201140a12dc4e2d04c71f,
        type: 3}
      propertyPath: winCondition
      value: 10
      objectReference: {fileID: 0}
    - target: {fileID: 6073772075199153552, guid: 61336185cdc201140a12dc4e2d04c71f,
        type: 3}
      propertyPath: victory
      value: 
      objectReference: {fileID: 826847269}
    - target: {fileID: 6073772075199153581, guid: 61336185cdc201140a12dc4e2d04c71f,
        type: 3}
      propertyPath: m_TagString
      value: Goal
      objectReference: {fileID: 0}
    - target: {fileID: 6073772074826732795, guid: 61336185cdc201140a12dc4e2d04c71f,
        type: 3}
      propertyPath: m_TagString
      value: Wall
      objectReference: {fileID: 0}
    - target: {fileID: 6073772075470476227, guid: 61336185cdc201140a12dc4e2d04c71f,
        type: 3}
      propertyPath: m_TagString
      value: Wall
      objectReference: {fileID: 0}
    - target: {fileID: 6073772075484018458, guid: 61336185cdc201140a12dc4e2d04c71f,
        type: 3}
      propertyPath: m_TagString
      value: Wall
      objectReference: {fileID: 0}
    - target: {fileID: 6073772076235211719, guid: 61336185cdc201140a12dc4e2d04c71f,
        type: 3}
      propertyPath: m_TagString
      value: Wall
      objectReference: {fileID: 0}
    - target: {fileID: 6073772076343525899, guid: 61336185cdc201140a12dc4e2d04c71f,
        type: 3}
      propertyPath: m_TagString
      value: Wall
      objectReference: {fileID: 0}
    - target: {fileID: 6073772076589337856, guid: 61336185cdc201140a12dc4e2d04c71f,
        type: 3}
      propertyPath: m_IsActive
      value: 1
      objectReference: {fileID: 0}
    - target: {fileID: 6073772074627053312, guid: 61336185cdc201140a12dc4e2d04c71f,
        type: 3}
      propertyPath: m_TagString
      value: Wall
      objectReference: {fileID: 0}
    m_RemovedComponents: []
  m_SourcePrefab: {fileID: 100100000, guid: 61336185cdc201140a12dc4e2d04c71f, type: 3}
--- !u!1001 &7881568912480849775
PrefabInstance:
  m_ObjectHideFlags: 0
  serializedVersion: 2
  m_Modification:
    m_TransformParent: {fileID: 0}
    m_Modifications:
    - target: {fileID: 7881568912236556740, guid: ab54c3c336d52a541871a0f1f2206cdb,
        type: 3}
      propertyPath: m_Name
      value: Red_Player
      objectReference: {fileID: 0}
    - target: {fileID: 7881568912236556740, guid: ab54c3c336d52a541871a0f1f2206cdb,
        type: 3}
      propertyPath: m_IsActive
      value: 1
      objectReference: {fileID: 0}
    - target: {fileID: 7881568912236556736, guid: ab54c3c336d52a541871a0f1f2206cdb,
        type: 3}
      propertyPath: m_LocalPosition.x
      value: 0
      objectReference: {fileID: 0}
    - target: {fileID: 7881568912236556736, guid: ab54c3c336d52a541871a0f1f2206cdb,
        type: 3}
      propertyPath: m_LocalPosition.y
      value: 1
      objectReference: {fileID: 0}
    - target: {fileID: 7881568912236556736, guid: ab54c3c336d52a541871a0f1f2206cdb,
        type: 3}
      propertyPath: m_LocalPosition.z
      value: 15
      objectReference: {fileID: 0}
    - target: {fileID: 7881568912236556736, guid: ab54c3c336d52a541871a0f1f2206cdb,
        type: 3}
      propertyPath: m_LocalRotation.x
      value: 0
      objectReference: {fileID: 0}
    - target: {fileID: 7881568912236556736, guid: ab54c3c336d52a541871a0f1f2206cdb,
        type: 3}
      propertyPath: m_LocalRotation.y
      value: 1
      objectReference: {fileID: 0}
    - target: {fileID: 7881568912236556736, guid: ab54c3c336d52a541871a0f1f2206cdb,
        type: 3}
      propertyPath: m_LocalRotation.z
      value: 0
      objectReference: {fileID: 0}
    - target: {fileID: 7881568912236556736, guid: ab54c3c336d52a541871a0f1f2206cdb,
        type: 3}
      propertyPath: m_LocalRotation.w
      value: 0
      objectReference: {fileID: 0}
    - target: {fileID: 7881568912236556736, guid: ab54c3c336d52a541871a0f1f2206cdb,
        type: 3}
      propertyPath: m_RootOrder
      value: 2
      objectReference: {fileID: 0}
    - target: {fileID: 7881568912236556736, guid: ab54c3c336d52a541871a0f1f2206cdb,
        type: 3}
      propertyPath: m_LocalEulerAnglesHint.x
      value: 0
      objectReference: {fileID: 0}
    - target: {fileID: 7881568912236556736, guid: ab54c3c336d52a541871a0f1f2206cdb,
        type: 3}
      propertyPath: m_LocalEulerAnglesHint.y
      value: 180
      objectReference: {fileID: 0}
    - target: {fileID: 7881568912236556736, guid: ab54c3c336d52a541871a0f1f2206cdb,
        type: 3}
      propertyPath: m_LocalEulerAnglesHint.z
      value: 0
      objectReference: {fileID: 0}
    - target: {fileID: 7881568912236556766, guid: ab54c3c336d52a541871a0f1f2206cdb,
        type: 3}
      propertyPath: ball
      value: 
      objectReference: {fileID: 123421541}
    - target: {fileID: 7881568912236556766, guid: ab54c3c336d52a541871a0f1f2206cdb,
        type: 3}
      propertyPath: altTarget
      value: 
      objectReference: {fileID: 1568137482}
    - target: {fileID: 7881568912236556766, guid: ab54c3c336d52a541871a0f1f2206cdb,
        type: 3}
      propertyPath: goalMid
      value: 
      objectReference: {fileID: 930631732}
    - target: {fileID: 7881568912236556766, guid: ab54c3c336d52a541871a0f1f2206cdb,
        type: 3}
      propertyPath: ballLowerBound
      value: -4
      objectReference: {fileID: 0}
    - target: {fileID: 7881568912236556766, guid: ab54c3c336d52a541871a0f1f2206cdb,
        type: 3}
      propertyPath: ballUpperBound
      value: 30
      objectReference: {fileID: 0}
    - target: {fileID: 7881568912236556766, guid: ab54c3c336d52a541871a0f1f2206cdb,
        type: 3}
      propertyPath: hitClip
      value: 
      objectReference: {fileID: 8300000, guid: 489cbf6811a90d74e806aef933e4ea31, type: 3}
    - target: {fileID: 7881568912236556766, guid: ab54c3c336d52a541871a0f1f2206cdb,
        type: 3}
      propertyPath: aiSource
      value: 
      objectReference: {fileID: 762122459}
    - target: {fileID: 7881568912236556766, guid: ab54c3c336d52a541871a0f1f2206cdb,
        type: 3}
      propertyPath: isRed
      value: 1
      objectReference: {fileID: 0}
    m_RemovedComponents: []
  m_SourcePrefab: {fileID: 100100000, guid: ab54c3c336d52a541871a0f1f2206cdb, type: 3}
